}
@misc{alterações,
  author = {World Bank Group},
  title  = {What is Climate Change},
  url    = {https://climateknowledgeportal.worldbank.org/overview},
  note   = {[Online; acedido em 24-11-2023]}
}
@misc{infoalterações,
  author = {NASA},
  title  = {Understanding our planet to benefit humankind},
  url    = {https://climate.nasa.gov/},
  note   = {[Online; acedido em 24-11-2023]}
}
@misc{dadosalterações,
  author = {European  Commission},
  title  = {Consequences of climate change},
  url    = {https://climate.ec.europa.eu/climate-change/consequences-climate-change_en},
  note   = {[Online; acedido em 24-11-2023]}
}
@misc{dadosalterações2,
  author = {YaleEnvironment360},
  title  = {Biodiversity Loss Is Endangering Food Security, UN Warns},
  url    = {https://e360.yale.edu/digest/biodiversity-loss-is-endangering-food-security-un-warns},
  note   = {[Online; acedido em 24-11-2023]}
}
@misc{infos,
  author = {United Nations},
  title  = {Climate Report},
  url    = {https://www.un.org/en/climatechange/reports},
  note   = {[Online; acedido em 24-11-2023]}
}
@misc{informacaobio,
  author = {UN environment programme},
  title  = {Climate Change 2023: Synthesis Report},
  url    = {https://e360.yale.edu/digest/biodiversity-loss-is-endangering-food-security-un-warns},
  note   = {[Online; acedido em 24-11-2023]}
  
@misc{efeitoestufa,
  author = {Golden Energy},
  title  = {Efeito de Estufa},
  url    = {https://goldenergy.pt/glossario/efeito-estufa/},
  note   = {[Online; acedido em 24-11-2023]}
  
}
@misc{combustiveisfosseis,
  author = {Brasil Escola},
  title  = {Combustíveis fosseis},
  url    = {https://brasilescola.uol.com.br/geografia/combustiveis-fosseis.htm},
  note   = {[Online; acedido em 24-11-2023]}
  
}
@misc{efeitoestufa,
  author = {Observador},
  title  = {Consumidores desconhecem efeitos da mudança climática nas suas vidas },
  url    = {https://observador.pt/2021/11/04/consumidores-desconhecem-efeitos-da-mudanca-climatica-nas-suas-vidas/},
  note   = {[Online; acedido em 24-11-2023]}
  
}
@misc{consumo,
  author = {akatu},
  title  = {Como suas escolhas de consumo impactam as mudanças climáticas},
  url    = {https://akatu.org.br/mudancas-climaticas-aquecimento-global-e-cotidiano/},
  note   = {[Online; acedido em 24-11-2023]}
  
}
@misc{eradogelo,
  author = {Info Escola},
  title  = {Era do gelo},
  url    = {https://www.infoescola.com/clima/era-do-gelo/},
  note   = {[Online; acedido em 24-11-2023]}
  
}
@misc{eradogelo2,
  author = {Conhecimento Científico},
  title  = {Era Glacial: o que é, causas e consequências},
  url    = {https://conhecimentocientifico.r7.com/era-glacial-era-do-gelo/},
  note   = {[Online; acedido em 24-11-2023]}
  
}
@misc{erupcoes,
  author = {METEORED},
  title  = {Como as erupções vulcânicas influenciam o clima terrestre?},
  url    = {https://www.tempo.com/noticias/ciencia/como-as-erupcoes-vulcanicas-influenciam-o-clima-terrestre-.html},
  note   = {[Online; acedido em 24-11-2023]}
  
}
@misc{erupcoes2,
  author = {Info Escola},
  title  = {Impactos ambientais das erupções vulcânicas},
  url    = {https://www.infoescola.com/ecologia/impactos-ambientais-das-erupcoes-vulcanicas/},
  note   = {[Online; acedido em 24-11-2023]}
  
}
@misc{imagem6,
  author = {IGA29},
  title  = {O QUE SÃO OS 5 RS?},
  url    = {https://www.facebook.com/IGA29/photos/a.320645028698761/835950050501587/?type=3},
  note   = {[Online; acedido em 24-11-2023]}
}
@misc{imagem7,
  author = {CREDCARB},
  title  = {Efeito Estufa e mercado de Carbono},
  url    = {https://credcarb.wordpress.com/2016/03/17/efeito-estufa-e-mercado-de-carbono/},
  note   = {[Online; acedido em 24-11-2023]}
}
@misc{imagem8,
  author = {pplware},
  title  = {Estudo revela que demasiadas turbinas eólicas diminuem a potência do vento},
  url    = {https://pplware.sapo.pt/planeta/estudo-revela-que-demasiadas-turbinas-eolicas-diminuem-a-potencia-do-vento/},
  note   = {[Online; acedido em 24-11-2023]}
}
@misc{imagem9,
  author = {Vida Rural},
  title  = {Politécnico de Viseu apresenta projeto para melhorar visibilidade das mulheres agricultoras},
  url    = {https://www.vidarural.pt/agroindustria/politecnico-de-viseu-apresenta-projeto-para-melhorar-visibilidade-das-mulheres-agricultoras/},
  note   = {[Online; acedido em 24-11-2023]}
}
@misc{imagem10,
  author = {Vida Rural},
  title  = {Estudo Oxfam: Preços de alimentos podem disparar em 80% devido à reflorestação},
  url    = {https://www.vidarural.pt/destaques/estudo-oxfam-reflorestacao-pode-fazer-disparar-precos-de-alimentos-em-80/},
  note   = {[Online; acedido em 24-11-2023]}
}
